@article{Pettie:2002:OMS:505241.505243,
 author = {Pettie, Seth and Ramachandran, Vijaya},
 title = {An Optimal Minimum Spanning Tree Algorithm},
 journal = {J. ACM},
 issue_date = {January 2002},
 volume = {49},
 number = {1},
 month = jan,
 year = {2002},
 issn = {0004-5411},
 pages = {16--34},
 numpages = {19},
 url = {http://doi.acm.org/10.1145/505241.505243},
 doi = {10.1145/505241.505243},
 acmid = {505243},
 publisher = {ACM},
 address = {New York, NY, USA},
 keywords = {Graph algorithms, minimum spanning tree, optimal complexity},
} 

@incollection{consoli2008discrete,
	title={Discrete particle swarm optimization for the minimum labelling Steiner tree problem},
	author={Consoli, Sergio and P{\'e}rez, JA Moreno and Darby-Dowman, Ken and Mladenovi{\'c}, Nenad},
	booktitle={Nature inspired cooperative strategies for optimization (NICSO 2007)},
	pages={313--322},
	year={2008},
	publisher={Springer}
}


@article{consoli2009greedy,
	title={Greedy randomized adaptive search and variable neighbourhood search for the minimum labelling spanning tree problem},
	author={Consoli, Sergio and Darby-Dowman, Ken and Mladenovi{\'c}, N and P{\'e}rez, JA Moreno},
	journal={European Journal of Operational Research},
	volume={196},
	number={2},
	pages={440--449},
	year={2009},
	publisher={Elsevier}
}


@article{Ladner:1975:SPT:321864.321877,
	author = {Ladner, Richard E.},
	title = {On the Structure of Polynomial Time Reducibility},
	journal = {J. ACM},
	issue_date = {Jan. 1975},
	volume = {22},
	number = {1},
	month = jan,
	year = {1975},
	issn = {0004-5411},
	pages = {155--171},
	numpages = {17},
	url = {http://doi.acm.org/10.1145/321864.321877},
	doi = {10.1145/321864.321877},
	acmid = {321877},
	publisher = {ACM},
	address = {New York, NY, USA},
} 


@article{krumke1998minimum,
	title={On the minimum label spanning tree problem},
	author={Krumke, Sven O and Wirth, Hans-Christoph},
	journal={Information Processing Letters},
	volume={66},
	number={2},
	pages={81--85},
	year={1998},
	publisher={Elsevier}
}

@article{wan2002note,
	title={A note on the minimum label spanning tree},
	author={Wan, Yingyu and Chen, Guoliang and Xu, Yinlong},
	journal={Information Processing Letters},
	volume={84},
	number={2},
	pages={99--101},
	year={2002},
	publisher={Elsevier}
}

@article{xiong2005one,
	title={A one-parameter genetic algorithm for the minimum labeling spanning tree problem},
	author={Xiong, Yupei and Golden, Bruce and Wasil, Edward},
	journal={Evolutionary Computation, IEEE Transactions on},
	volume={9},
	number={1},
	pages={55--60},
	year={2005},
	publisher={IEEE}
}


@incollection{cerulli2005metaheuristics,
	title={Metaheuristics comparison for the minimum labelling spanning tree problem},
	author={Cerulli, Raffaele and Fink, Andreas and Gentili, Monica and Vo{\ss}, Stefan},
	booktitle={The Next Wave in Computing, Optimization, and Decision Technologies},
	pages={93--106},
	year={2005},
	publisher={Springer}
}

@article{xiong2006improved,
	title={Improved heuristics for the minimum label spanning tree problem},
	author={Xiong, Yupei and Golden, Bruce and Wasil, Edward},
	journal={Evolutionary Computation, IEEE Transactions on},
	volume={10},
	number={6},
	pages={700--703},
	year={2006},
	publisher={IEEE}
}